@online{wasm-specification,
  author = {WebAssembly Community Group},
  title = {WebAssembly Specification},
  year = 2021,
  url = {https://webassembly.github.io/spec/core/_download/WebAssembly.pdf},
}

@online{wasm-wat,
  author = {MDN Contributors},
  title = {Understanding WebAssembly text format},
  year = 2021,
  url = {https://developer.mozilla.org/en-US/docs/WebAssembly/Understanding_the_text_format},
}

@online{sexpr,
  author = {Wikipedia Contributors},
  title = {Understanding WebAssembly text format},
  year = 2021,
  url = {https://en.wikipedia.org/wiki/S-expression},
}

@online{wasm2wat,
  author = {MDN Contributors},
  title = {Converting WebAssembly text format to wasm},
  year = 2021,
  url = {https://developer.mozilla.org/en-US/docs/WebAssembly/Text_format_to_wasm},
}

@online{languages,
  author = {Github Contributors},
  title = {Awesome WebAssembly Languages},
  year = 2021,
  url = {https://github.com/appcypher/awesome-wasm-langs#java},
}

@online{wasm-js-api,
  author = {MDN Contributors},
  title = {Using the WebAssembly JavaScript API},
  year = 2021,
  url = {https://developer.mozilla.org/en-US/docs/WebAssembly/Using_the_JavaScript_API},
}

@online{asm-js,
  author = {David Herman, Luke Wagner a Alon Zakai},
  title = {asm.js – Working draft},
  year = 2014,
  url = {http://asmjs.org/spec/latest/},
}

@online{wasm-complile-c,
  author = {MDN Contributors},
  title = {Compiling an Existing C Module to WebAssembly},
  year = 2021,
  url = {https://developer.mozilla.org/en-US/docs/WebAssembly/existing_C_to_wasm},
}

@online{emcc,
  author = {emscripten.org},
  title = {Emscripten Compiler Frontend},
  year = 2021,
  url = {https://emscripten.org/docs/tools_reference/emcc.html},
}

@online{emcc-bind,
  author = {emscripten.org},
  title = {Emscripten – bind.h},
  year = 2021,
  url = {https://emscripten.org/docs/api_reference/bind.h.html?highlight=emscripten_bindings},
}
